[gd_scene load_steps=5 format=2]

[ext_resource path="res://Scenes/Player.gd" type="Script" id=1]
[ext_resource path="res://Sprites/player.png" type="Texture" id=2]
[ext_resource path="res://Scenes/Enemy.tscn" type="PackedScene" id=3]

[sub_resource type="RectangleShape2D" id=1]

custom_solver_bias = 0.0
extents = Vector2( 10, 10 )

[node name="Main" type="Node2D" index="0"]

position = Vector2( 46.7183, 33.5019 )

[node name="Player" type="Area2D" parent="." index="0"]

position = Vector2( 457.696, 527.195 )
scale = Vector2( 0.5, 0.5 )
input_pickable = true
gravity_vec = Vector2( 0, 1 )
gravity = 98.0
linear_damp = 0.1
angular_damp = 1.0
audio_bus_override = false
audio_bus_name = "Master"
script = ExtResource( 1 )
_sections_unfolded = [ "Transform" ]
speed = 300

[node name="Sprite" type="Sprite" parent="Player" index="0"]

position = Vector2( 0.614624, 5.22498 )
texture = ExtResource( 2 )

[node name="CollisionShape2D" type="CollisionShape2D" parent="Player" index="1"]

position = Vector2( 0.295654, 17.2395 )
scale = Vector2( 4.33274, 2.23154 )
shape = SubResource( 1 )

[node name="Enemy" parent="." index="1" instance=ExtResource( 3 )]

position = Vector2( 6.20172, -3.99491 )
_sections_unfolded = [ "Audio Bus", "Collision" ]

[node name="Enemy2" parent="." index="2" instance=ExtResource( 3 )]

position = Vector2( 87.7151, -2.65125 )

[node name="Enemy3" parent="." index="3" instance=ExtResource( 3 )]

position = Vector2( 176.708, 1.59454 )

[node name="Enemy4" parent="." index="4" instance=ExtResource( 3 )]

position = Vector2( 275.584, 4.51899 )

[node name="Enemy5" parent="." index="5" instance=ExtResource( 3 )]

position = Vector2( 374.035, -0.398537 )

[node name="Enemy6" parent="." index="6" instance=ExtResource( 3 )]

position = Vector2( 459.164, -1.58833 )

[node name="Enemy7" parent="." index="7" instance=ExtResource( 3 )]

position = Vector2( 562.543, -5.43644 )

[node name="Enemy8" parent="." index="8" instance=ExtResource( 3 )]

position = Vector2( 678.215, 0.328819 )

[node name="Enemy9" parent="." index="9" instance=ExtResource( 3 )]

position = Vector2( 795.028, 1.16808 )

[node name="Enemy10" parent="." index="10" instance=ExtResource( 3 )]

position = Vector2( 907.737, -0.321175 )

[node name="Enemy11" parent="." index="11" instance=ExtResource( 3 )]

position = Vector2( 5.75211, 46.6727 )

[node name="Enemy12" parent="." index="12" instance=ExtResource( 3 )]

position = Vector2( 92.0905, 46.8784 )

[node name="Enemy13" parent="." index="13" instance=ExtResource( 3 )]

position = Vector2( 174.389, 51.947 )

[node name="Enemy14" parent="." index="14" instance=ExtResource( 3 )]

position = Vector2( 280.557, 52.5805 )

[node name="Enemy15" parent="." index="15" instance=ExtResource( 3 )]

position = Vector2( 370.472, 45.6058 )

[node name="Enemy16" parent="." index="16" instance=ExtResource( 3 )]

position = Vector2( 170.233, 104.948 )

[node name="Enemy17" parent="." index="17" instance=ExtResource( 3 )]

position = Vector2( 367.155, 100.796 )

[node name="Enemy18" parent="." index="18" instance=ExtResource( 3 )]

position = Vector2( 561.521, 51.6343 )

[node name="Enemy19" parent="." index="19" instance=ExtResource( 3 )]

position = Vector2( 558.436, 96.0474 )

[node name="Enemy20" parent="." index="20" instance=ExtResource( 3 )]

position = Vector2( 276.97, 95.0435 )

[node name="Enemy21" parent="." index="21" instance=ExtResource( 3 )]

position = Vector2( 460.361, 105.286 )

[node name="Enemy22" parent="." index="22" instance=ExtResource( 3 )]

position = Vector2( 463.351, 46.1818 )

[node name="Enemy23" parent="." index="23" instance=ExtResource( 3 )]

position = Vector2( 798.193, 40.7089 )

[node name="Enemy24" parent="." index="24" instance=ExtResource( 3 )]

position = Vector2( 794.062, 94.1304 )

[node name="Enemy25" parent="." index="25" instance=ExtResource( 3 )]

position = Vector2( 907.73, 45.6087 )

[node name="Enemy26" parent="." index="26" instance=ExtResource( 3 )]

position = Vector2( 666.196, 46.5301 )

[node name="Enemy27" parent="." index="27" instance=ExtResource( 3 )]

position = Vector2( 670.886, 98.5178 )

[node name="Enemy28" parent="." index="28" instance=ExtResource( 3 )]

position = Vector2( 912.095, 90.2219 )

[node name="Enemy29" parent="." index="29" instance=ExtResource( 3 )]

position = Vector2( 3.35285, 107.384 )

[node name="Enemy30" parent="." index="30" instance=ExtResource( 3 )]

position = Vector2( 87.5333, 109.543 )


